@article{knuth84,
  author = {Knuth, Donald E.},
  title = {Literate Programming},
  year = {1984},
  issue_date = {May 1984},
  publisher = {Oxford University Press, Inc.},
  address = {USA},
  volume = {27},
  number = {2},
  issn = {0010-4620},
  url = {https://doi.org/10.1093/comjnl/27.2.97},
  doi = {10.1093/comjnl/27.2.97},
  journal = {Comput. J.},
  month = may,
  pages = {97â€“111},
  numpages = {15}
}



@inproceedings{clark1993,
	title = {The effect of recruitment variability on the choice of a target level of spawning biomass per recruit},
	author = {Clark, W. G.},
	year = {1993},
	date = {1993},
	publisher = {Alaska Sea Grant College Program AK{\textendash}SG{\textendash}93{\textendash}02},
	pages = {233{\textendash}246}
}

@techreport{ansley1981,
	title = {Migration and standing stock of fishes associated with artificial and natural reefs on Georgia{\textquoteright}s outer continental shelf},
	author = {Ansley, H. L. H. and Davis, C. D.},
	year = {1981},
	date = {1981},
	pages = {38},
	address = {Brunswick, Georgia, USA}
}

@inbook{collins1996,
	title = {Age validation, movements, and growth rates of tagged gag (Mycteroperca microlepis), black sea bass (Centropristis striata) and red porgy (Pagrus pagrus)},
	author = {Collins, M. R. and Sant, S. B. Van and Schmidt, D. J. and Sedberry, G. R.},
	editor = {Arrequin-Sanchez, F. and Munro, J. L. and Balgos, M. C. and Pauly, D.},
	year = {1996},
	date = {1996},
	publisher = {ICLARM (International Center for Living Aquatic Resources Management)},
	pages = {161--165},
	address = {Makati City, Philippines}
}

@techreport{deuel1968,
	title = {The 1965 Salt-Water Angling Survey},
	author = {Deuel, D. G. and Clark, J. R.},
	year = {1968},
	date = {1968},
	pages = {51}
}

@techreport{hardy1978,
	title = {Development of Fishes of the Mid-Atlantic Bight. Vol. III. Aphredoderidae through Rachycentridae.},
	author = {Hardy, {J. D., Jr.}},
	year = {1978},
	date = {1978}
}

@article{derobertis2007,
	title = {A post-processing technique to estimate the signal-to-noise ratio and remove echosounder background noise},
	author = {De Robertis, Alex and Higginbottom, Ian},
	year = {2007},
	month = {09},
	date = {2007-09-01},
	journal = {ICES Journal of Marine Science},
	pages = {1282--1291},
	volume = {64},
	number = {6},
	doi = {10.1093/icesjms/fsm112},
	url = {http://dx.doi.org/10.1093/icesjms/fsm112},
	langid = {en}
}

@article{demer2009,
	title = {A statistical-spectral method for echo classification},
	author = {Demer, David A. and Cutter, George R. and Renfree, Josiah S. and Butler, John L.},
	year = {2009},
	month = {04},
	date = {2009-04-02},
	journal = {ICES Journal of Marine Science},
	pages = {1081--1090},
	volume = {66},
	number = {6},
	doi = {10.1093/icesjms/fsp054},
	url = {http://dx.doi.org/10.1093/icesjms/fsp054},
	langid = {en}
}

@article{zwolinski2010,
	title = {Sardine potential habitat and environmental forcing off western Portugal},
	author = {Zwolinski, Juan P. and Oliveira, Paulo B. and Quintino, Victor and Stratoudakis, Yorgos},
	year = {2010},
	month = {06},
	date = {2010-06-25},
	journal = {ICES Journal of Marine Science},
	pages = {1553--1564},
	volume = {67},
	number = {8},
	doi = {10.1093/icesjms/fsq068},
	url = {http://dx.doi.org/10.1093/icesjms/fsq068},
	langid = {en}
}

@article{stierhoff2024,
	title = {Distribution, biomass, and demographics of coastal pelagic fishes in the California Current Ecosystem during summer 2023 based on acoustic trawl sampling},
	author = {Stierhoff, Kevin L. and Zwolinski, Juan P. and Renfree, Josiah S. and Demer, David A.},
	year = {2024},
	date = {2024},
	journal = {NOAA National Marine Fisheries Service Southwest Fisheries Science Center},
	doi = {10.25923/1VGS-SF98},
	url = {https://repository.library.noaa.gov/view/noaa/61651},
	langid = {en}
}

@article{Zwolinski2014,
	title = {Building on Fisheries Acoustics for Marine Ecosystem Surveys},
	author = {,  and Zwolinski, Juan and Demer, David and Cutter, George and Stierhoff, Kevin and Macewicz, Beverly},
	year = {2014},
	month = {12},
	date = {2014-12-01},
	journal = {Oceanography},
	pages = {68--79},
	volume = {27},
	number = {4},
	doi = {10.5670/oceanog.2014.87},
	url = {http://dx.doi.org/10.5670/oceanog.2014.87}
}

@article{zwolinski2011,
	title = {Predicting habitat to optimize sampling of Pacific sardine (Sardinops sagax)},
	author = {Zwolinski, Juan P. and Emmett, Robert L. and Demer, David A.},
	year = {2011},
	month = {05},
	date = {2011-05-01},
	journal = {ICES Journal of Marine Science},
	pages = {867--879},
	volume = {68},
	number = {5},
	doi = {10.1093/icesjms/fsr038},
	url = {http://dx.doi.org/10.1093/icesjms/fsr038},
	langid = {en}
}

@article{kuriyama2020,
	title = {Assessment of the Pacific sardine resource in 2020 for U.S. management in 2020-2021},
	author = {Kuriyama, Peter T. and Zwolinski, Juan P. and Hill, Kevin T.},
	year = {2020},
	date = {2020},
	journal = {Southwest Fisheries Science Center (U.S.)},
	doi = {10.25923/R2FZ-4Y79},
	url = {https://repository.library.noaa.gov/view/noaa/24744}
}
